@techreport{IEEE2413,
  title        = {IEEE Standard for an Architectural Framework for the Internet of Things},
  institution  = {IEEE Standards Association},
  year         = {2019},
  number       = {IEEE Std 2413-2019},
  url          = {https://standards.ieee.org/standard/2413-2019.html}
}

@article{Miorandi2012,
    author = {Miorandi, D. and Sicari, S. and De Pellegrini, F. and Chlamtac, I.},
    title = {Internet of Things: Vision, Applications and Research Challenges},
    journal = {Ad Hoc Networks},
    volume = {10},
    number = {7},
    pages = {1497--1516},
    year = {2012}
}

@misc{GDPR2018,
  author = {{European Parliament}},
  title = {General Data Protection Regulation (GDPR)},
  year = {2018},
  url = {https://eur-lex.europa.eu/eli/reg/2016/679/oj}
}

@report{OpenFog2018,
  author = {OpenFog Consortium},
  title = {OpenFog Reference Architecture for Fog Computing},
  institution = {OpenFog Consortium},
  year = {2018},
  url = {https://www.iiconsortium.org/pdf/OpenFog_Reference_Architecture_2_09_17.pdf}
}

@incollection{Lynn2020,
  author = {Theo Lynn and Patricia Takako Endo and Andrea Maria N. C. Ribeiro and Gibson B. N. Barbosa and Pierangelo Rosati},
  title = {The Internet of Things: Definitions, Key Concepts, and Reference Architectures},
  booktitle = {The Cloud-to-Thing Continuum},
  editor = {Various Editors},
  publisher = {Springer},
  year = {2020},
  chapter = {1},
  url = {https://link.springer.com/chapter/10.1007/978-3-030-41110-7_1}
}

@misc{iotanalytics2024,
  author       = {{IoT Analytics}},
  title        = {Number of Connected IoT Devices Growing},
  year         = {2024},
  month        = may,
  howpublished = {\url{https://iot-analytics.com/number-connected-iot-devices/}},
  note         = {Dostęp: 29 sierpień 2025}
}

@article{sharad2020mirai,
  title={Understanding the Mirai Botnet},
  author={Kumar Sharad and V. Singh and S. Kumar},
  journal={arXiv preprint arXiv:2003.00656},
  year={2020},
  url={https://arxiv.org/abs/2003.00656}
}

@techreport{cisco2024,
  author       = {Cisco},
  title        = {Cisco 2024 Consumer Privacy Survey},
  institution  = {Cisco},
  year         = {2024},
  url          = {https://www.cisco.com/c/en/us/about/trust-center/consumer-privacy-survey.html},
  note         = {Dostęp: 29 sierpień 2025}
}

@inproceedings{bonomi2012fog,
  author    = {Flavio Bonomi and Rodolfo Milito and Jiang Zhu and Sateesh Addepalli},
  title     = {Fog Computing and Its Role in the Internet of Things},
  booktitle = {Proceedings of the First Edition of the MCC Workshop on Mobile Cloud Computing},
  series    = {MCC '12},
  year      = {2012},
  pages     = {13--16},
  publisher = {Association for Computing Machinery},
  address   = {New York, NY, USA},
  doi       = {10.1145/2342509.2342513},
  url       = {https://dl.acm.org/doi/10.1145/2342509.2342513}
}

@article{wolfert2017big,
  title     = {Big Data in Smart Farming -- A Review},
  author    = {Wolfert, Sjaak and Ge, Lan and Verdouw, Cor and Bogaardt, Marin-Jan},
  journal   = {Agricultural Systems},
  volume    = {153},
  pages     = {69--80},
  year      = {2017},
  publisher = {Elsevier},
  doi       = {10.1016/j.agsy.2017.01.023},
  url       = {https://www.researchgate.net/publication/313448667_Big_Data_in_Smart_Farming_-_A_review}
}

@inproceedings{antonakakis2017mirai,
  author    = {Manos Antonakakis and Tim April and Michael Bailey and Matt Bernhard and Elie Bursztein and Jaime Cochran and Zakir Durumeric and J. Alex Halderman and Luca Invernizzi and Michalis Kallitsis and Damian Menscher and Chad Seaman and Nick Sullivan and Kurt Thomas and Yi Zhou},
  title     = {Understanding the Mirai Botnet},
  booktitle = {26th USENIX Security Symposium (USENIX Security 17)},
  year      = {2017},
  publisher = {USENIX Association},
  pages     = {1093--1110},
  url       = {https://www.usenix.org/conference/usenixsecurity17/technical-sessions/presentation/antonakakis}
}

@article{rao2023iot,
  author    = {K. S. S. Rao and K. Prathyusha and T. Narayana},
  title     = {IoT Based Smart Home Monitoring and Automation System},
  journal   = {Cognizance Journal of Multidisciplinary Studies},
  volume    = {5},
  number    = {1},
  pages     = {153--157},
  year      = {2023},
  url       = {https://cognizancejournal.com/vol5issue1/V5I130.pdf}
}

@online{certorange2025,
  author       = {{CERT Orange Polska}},
  title        = {Rekordowy DDoS w Polsce},
  year         = {2025},
  month        = may,
  day          = {19},
  url          = {https://cert.orange.pl/aktualnosci/rekordowy-ddos-w-sieci-orange-polska/},
  note         = {Dostęp: 29 sierpień 2025}
}

@book{schneier2018,
  author    = {Bruce Schneier},
  title     = {Click Here to Kill Everybody: Security and Survival in a Hyper-connected World},
  year      = {2018},
  publisher = {W.W. Norton \& Company},
  address   = {New York}
}

@misc{johnston2019,
  author       = {Nick Johnston},
  title        = {OWASP IoT Top 10 – Introduction and Root Causes},
  year         = {2019},
  month        = dec,
  day          = {11},
  url          = {https://owasp.org/www-chapter-toronto/assets/slides/2019-12-11-OWASP-IoT-Top-10---Introduction-and-Root-Causes.pdf},
  note         = {Prezentacja na spotkaniu OWASP Toronto Chapter}
}

@book{stallings2017cryptography,
  author    = {William Stallings},
  title     = {Cryptography and Network Security: Principles and Practice},
  edition   = {7},
  year      = {2017},
  publisher = {Pearson Education},
  isbn      = {9780134444284}
}

@misc{hardt2012oauth,
  author       = {Dick Hardt},
  title        = {The OAuth 2.0 Authorization Framework},
  year         = {2012},
  howpublished = {\url{https://tools.ietf.org/html/rfc6749}},
  note         = {IETF RFC 6749}
}

@misc{jones2015jwt,
  author       = {Michael Jones and John Bradley and Nat Sakimura},
  title        = {JSON Web Token (JWT)},
  year         = {2015},
  howpublished = {\url{https://tools.ietf.org/html/rfc7519}},
  note         = {IETF RFC 7519}
}

@article{sicari2015security,
  author       = {Sabrina Sicari and Alessandra Rizzardi and Luigi Alfredo Grieco and Alberto Coen-Porisini},
  title        = {Security, Privacy and Trust in Internet of Things: The Road Ahead},
  journal      = {Computer Networks},
  volume       = {76},
  pages        = {146--164},
  year         = {2015},
  doi          = {10.1016/j.comnet.2014.11.008},
  url          = {https://dl.safirdep.com/essays/Security-privacy-IOT.pdf}
}

@misc{microsoftIAMiot,
  author       = {{Microsoft Docs}},
  title        = {Active Directory and LDAP Integration for IoT Devices},
  year         = {2020},
  howpublished = {\url{https://learn.microsoft.com/en-us/azure/active-directory/devices/overview}},
  note         = {Dostęp: 29 sierpień 2025}
}

@misc{microsoftSAML,
  author       = {{Microsoft Corporation}},
  title        = {What is Security Assertion Markup Language (SAML)?},
  year         = {2023},
  howpublished = {\url{https://www.microsoft.com/pl-pl/security/business/security-101/what-is-security-assertion-markup-language-saml}},
  note         = {Dostęp: 29 sierpień 2025}
}

@misc{microsoftOIDC,
  author       = {{Microsoft Corporation}},
  title        = {OpenID Connect protocol overview},
  year         = {2024},
  howpublished = {\url{https://learn.microsoft.com/pl-pl/entra/identity-platform/v2-protocols-oidc}},
  note         = {Dostęp: 29 sierpień 2025}
}

@misc{microsoftIAM,
  author       = {{Microsoft Corporation}},
  title        = {What is Identity and Access Management (IAM)?},
  year         = {2023},
  howpublished = {\url{https://www.microsoft.com/pl-pl/security/business/security-101/what-is-identity-access-management-iam}},
  note         = {Dostęp: 29 sierpień 2025}
}

@article{light2017mqtt,
  title={MQTT Version 3.1.1},
  author={Light, Andy},
  year={2017},
  howpublished={\url{http://mqtt.org}},
  note={Dostęp: 29 sierpień 2025}
}

@article{shelby2014constrained,
  title={The Constrained Application Protocol (CoAP)},
  author={Shelby, Zach and Hartke, Carsten and Bormann, Claus},
  journal={RFC 7252},
  year={2014},
  howpublished={\url{https://tools.ietf.org/html/rfc7252}},
  note={Dostęp: 29 sierpień 2025}
}

@misc{zigbeeAlliance,
  author={{Zigbee Alliance}},
  title={Zigbee Specification},
  year={2020},
  howpublished={\url{https://zigbeealliance.org/solution/zigbee/}},
  note={Dostęp: 29 sierpień 2025}
}

@article{adelantado2017understanding,
  title={Understanding the Limits of LoRaWAN},
  author={Adelantado, Ferran and Vilajosana, Xavier and Tuset-Peiro, Jordi and Martinez, Borja and Melia-Segui, Joan and Watteyne, Thierry},
  journal={IEEE Communications Magazine},
  volume={55},
  number={9},
  pages={34--40},
  year={2017},
  doi={10.1109/MCOM.2017.1600613}
}

@misc{bleSpec,
  author={{Bluetooth SIG}},
  title={Bluetooth Core Specification Version 5.3},
  year={2021},
  howpublished={\url{https://www.bluetooth.com/specifications/bluetooth-core-specification/}},
  note={Dostęp: 29 sierpień 2025}
}

@misc{tpm,
  title={Trusted Platform Module (TPM) Basics},
  howpublished={Trusted Computing Group},
  note={https://trustedcomputinggroup.org/resource/tpm-main-specification/},
  year={2019}
}

@misc{gdpr2016,
  author       = {{Parlament Europejski i Rada Unii Europejskiej}},
  title        = {{Rozporządzenie Parlamentu Europejskiego i Rady (UE) 2016/679 z dnia 27 kwietnia 2016 r.}},
  year         = {2016},
  note         = {Dostęp online: \url{https://eur-lex.europa.eu/legal-content/PL/TXT/?uri=CELEX:32016R0679}},
  howpublished = {\url{https://eur-lex.europa.eu/legal-content/PL/TXT/?uri=CELEX:32016R0679}},
  language     = {polish}
}

@misc{hipaa_security_rule,
  author       = {U.S. Department of Health \& Human Services},
  title        = {{HIPAA} Security Rule},
  howpublished = {\url{https://www.hhs.gov/hipaa/for-professionals/security/index.html}},
  note         = {Dostęp: 2025-05-21},
  year         = {2003}
}

@misc{ccpa,
  title = {California Consumer Privacy Act (CCPA)},
  howpublished = {\url{https://oag.ca.gov/privacy/ccpa}},
  note = {Dostęp: 29 sierpień 2025}
}

@misc{pdpa,
  title = {Personal Data Protection Act (PDPA) – Singapore},
  howpublished = {\url{https://www.pdpc.gov.sg/Overview-of-PDPA/The-Legislation}},
  note = {Dostęp: 29 sierpień 2025}
}

@misc{pipeda,
  title = {Personal Information Protection and Electronic Documents Act (PIPEDA)},
  howpublished = {\url{https://www.priv.gc.ca/en/privacy-topics/privacy-laws-in-canada/the-personal-information-protection-and-electronic-documents-act-pipeda/}},
  note = {Dostęp: 29 sierpień 2025}
}

@misc{lgpd,
  title = {Lei Geral de Proteção de Dados (LGPD) – Brazilian General Data Protection Law},
  howpublished = {\url{https://www.gov.br/cidadania/pt-br/lgpd}},
  note = {Dostęp: 29 sierpień 2025}
}

@misc{eprivacyreg,
  title = {ePrivacy Regulation (draft)},
  howpublished = {\url{https://ec.europa.eu/digital-strategy/our-policies/eprivacy_en}},
  note = {Dostęp: 29 sierpień 2025}
}

@misc{eprivacydir,
  title = {Directive 2002/58/EC concerning the processing of personal data and the protection of privacy in the electronic communications sector (ePrivacy Directive)},
  howpublished = {\url{https://eur-lex.europa.eu/legal-content/EN/TXT/?uri=CELEX\%3A32002L0058}},
  note = {Dostęp: 29 sierpień 2025}
}

@misc{nist_keylength,
  author       = {National Institute of Standards and Technology (NIST)},
  title        = {Recommendation for Key Management -- Part 1: General (Revision 4)},
  howpublished = {\url{https://doi.org/10.6028/NIST.SP.800-57pt1r4}},
  year         = {2016},
  note         = {NIST Special Publication 800-57 Part 1 Revision 4},
  institution  = {U.S. Department of Commerce}
}

@misc{android_ota,
  author       = {{Android Open Source Project}},
  title        = {OTA Updates},
  year         = {2025},
  url          = {https://source.android.com/docs/core/ota},
  note         = {Dostęp: 2025-05-22},
  howpublished = {\url{https://source.android.com/docs/core/ota}},
  language     = {english}
}